<?xml version="1.0" encoding="UTF-8"?><collection xmlns="http://www.loc.gov/MARC21/slim"><record><leader>00376nam--2200133-i-4500</leader><controlfield tag="001">000022217</controlfield><controlfield tag="002">20161230</controlfield><controlfield tag="005">20161230201034</controlfield><controlfield tag="008">060222s1000------------r-----000-0-eng-d</controlfield><datafield ind1=" " ind2=" " tag="100"><subfield code="a">Hausdorf S., Nowak W</subfield></datafield><datafield ind1=" " ind2=" " tag="245"><subfield code="a">Das isotopenlaboratorium</subfield></datafield><datafield ind1=" " ind2=" " tag="260"><subfield code="a">Leipzig, Veb Deutscher Verlag Fur Wiss., 1961. 108 P., 32 Fig</subfield></datafield><datafield ind1=" " ind2=" " tag="490"><subfield code="a">Kleine Bibliothek Der Kerntechnik</subfield></datafield><datafield ind1=" " ind2=" " tag="852"><subfield code="a">8525</subfield></datafield></record></collection>